%% This BibTeX bibliography file was created using BibDesk.
%% https://bibdesk.sourceforge.io/

%% Created for Humberto Alcocer at 2024-05-19 00:34:21 -0600 


%% Saved with string encoding Unicode (UTF-8) 



@manual{aws_cloudfront_intro,
	abstract = {Amazon CloudFront es un servicio web que acelera la distribuci{\'o}n de contenido web est{\'a}tico y din{\'a}mico a trav{\'e}s de una red mundial de ubicaciones perimetrales, mejorando el rendimiento mediante la reducci{\'o}n de latencia.},
	author = {Amazon Web Services, Inc.},
	date-added = {2024-05-18 23:42:01 -0600},
	date-modified = {2024-05-18 23:42:01 -0600},
	note = {Accessed: 2024-05-18},
	title = {Â¿Qu{\'e} es Amazon CloudFront? - Amazon CloudFront},
	url = {https://docs.aws.amazon.com/es_es/AmazonCloudFront/latest/DeveloperGuide/Introduction.html},
	year = {2024},
	bdsk-url-1 = {https://docs.aws.amazon.com/es_es/AmazonCloudFront/latest/DeveloperGuide/Introduction.html}}

@misc{exchangerate_api,
	abstract = {ExchangeRate-API proporciona tasas de cambio de divisas precisas y confiables para 161 monedas. Es {\'u}til para SaaS, tableros de control, y comercio electr{\'o}nico, ofreciendo planes gratuitos y de pago con actualizaciones frecuentes y soporte al cliente.},
	author = {AYR Tech (Pty) Ltd.},
	date-added = {2024-05-18 23:16:30 -0600},
	date-modified = {2024-05-18 23:16:30 -0600},
	note = {Accessed: 2024-05-18},
	title = {ExchangeRate-API - Free \& Pro Currency Converter API},
	url = {https://www.exchangerate-api.com/},
	year = {2024},
	bdsk-url-1 = {https://www.exchangerate-api.com/}}

@misc{google_analytics_learn,
	abstract = {Google Analytics es una plataforma que proporciona herramientas para analizar el tr{\'a}fico de tu sitio web. Ofrece informes detallados y permite a los desarrolladores implementar funcionalidades avanzadas de an{\'a}lisis para mejorar la comprensi{\'o}n y la toma de decisiones basadas en datos.},
	author = {Google Developers},
	date-added = {2024-05-18 22:47:23 -0600},
	date-modified = {2024-05-18 22:47:23 -0600},
	note = {Accessed: 2024-05-18},
	title = {Learn Analytics},
	url = {https://developers.google.com/analytics/learn},
	year = {2024},
	bdsk-url-1 = {https://developers.google.com/analytics/learn}}

@misc{google_pagespeed_insights,
	abstract = {PageSpeed Insights proporciona informes sobre el rendimiento de una p{\'a}gina en dispositivos m{\'o}viles y de escritorio, y ofrece sugerencias para mejorar dicha p{\'a}gina.},
	author = {Google Developers},
	date-added = {2024-05-18 22:34:27 -0600},
	date-modified = {2024-05-18 22:34:27 -0600},
	note = {Accessed: 2024-05-18},
	title = {About PageSpeed Insights},
	url = {https://developers.google.com/speed/docs/insights/v5/about},
	year = {2024},
	bdsk-url-1 = {https://developers.google.com/speed/docs/insights/v5/about}}

@misc{aws_educate,
	abstract = {AWS Educate proporciona acceso a recursos de formaci{\'o}n en la nube y laboratorios pr{\'a}cticos gratuitos para estudiantes y educadores, con el objetivo de desarrollar habilidades en la nube.},
	author = {Amazon Web Services, Inc.},
	date-added = {2024-05-18 21:56:41 -0600},
	date-modified = {2024-05-18 21:56:41 -0600},
	note = {Accessed: 2024-05-18},
	title = {AWS Educate - Cloud Services for Education},
	url = {https://aws.amazon.com/education/awseducate/},
	year = {2024},
	bdsk-url-1 = {https://aws.amazon.com/education/awseducate/}}

@misc{cdmx_tianguis,
	abstract = {Conjunto de datos que proporciona la ubicaci{\'o}n de los tianguis de la Ciudad de M{\'e}xico, disponible en formatos CSV, SHP, y GeoJSON.},
	author = {Secretar{\'\i}a de Desarrollo Econ{\'o}mico (SEDECO)},
	date-added = {2024-05-18 21:30:49 -0600},
	date-modified = {2024-05-18 21:30:49 -0600},
	note = {Accessed: 2024-05-18},
	title = {Tianguis de la Ciudad de M{\'e}xico - Portal de Datos Abiertos de la CDMX},
	url = {https://datos.cdmx.gob.mx/dataset/tianguis-de-la-ciudad-de-mexico},
	year = {2024},
	bdsk-url-1 = {https://datos.cdmx.gob.mx/dataset/tianguis-de-la-ciudad-de-mexico}}

@misc{cdmx_sismos,
	abstract = {Conjunto de datos que proporciona informaci{\'o}n sobre los sismos con epicentro en la Ciudad de M{\'e}xico desde 1990, disponible en formatos SHP, XLSX, y GeoJSON.},
	author = {Secretar{\'\i}a de Gesti{\'o}n Integral de Riesgos y Protecci{\'o}n Civil},
	date-added = {2024-05-18 21:30:27 -0600},
	date-modified = {2024-05-18 21:30:27 -0600},
	note = {Accessed: 2024-05-18},
	title = {Sismos registrados en la Ciudad de M{\'e}xico - Portal de Datos Abiertos de la CDMX},
	url = {https://datos.cdmx.gob.mx/dataset/sismos-registrados-cdmx},
	year = {2023},
	bdsk-url-1 = {https://datos.cdmx.gob.mx/dataset/sismos-registrados-cdmx}}

@misc{cdmx_lineas_metro,
	abstract = {Conjunto de datos que proporciona la geolocalizaci{\'o}n de las l{\'\i}neas y estaciones del Metro de la Ciudad de M{\'e}xico, disponible en formatos SHP, XLSX, y KMZ.},
	author = {Sistema de Transporte Colectivo y Secretar{\'\i}a de Movilidad (SEMOVI)},
	date-added = {2024-05-18 21:28:57 -0600},
	date-modified = {2024-05-18 21:28:57 -0600},
	note = {Accessed: 2024-05-18},
	title = {Ubicaci{\'o}n de l{\'\i}neas y estaciones del Sistema de Transporte Colectivo Metro - Portal de Datos Abiertos de la CDMX},
	url = {https://datos.cdmx.gob.mx/dataset/lineas-y-estaciones-del-metro},
	year = {2023},
	bdsk-url-1 = {https://datos.cdmx.gob.mx/dataset/lineas-y-estaciones-del-metro}}

@misc{cdmx_mercados_publicos,
	abstract = {Conjunto de datos que proporciona informaci{\'o}n sobre los mercados p{\'u}blicos de la Ciudad de M{\'e}xico, disponible en formatos CSV, SHP, y GeoJSON.},
	author = {Secretar{\'\i}a de Desarrollo Econ{\'o}mico (SEDECO)},
	date-added = {2024-05-18 21:28:51 -0600},
	date-modified = {2024-05-18 21:28:51 -0600},
	note = {Accessed: 2024-05-18},
	title = {Mercados p{\'u}blicos - Portal de Datos Abiertos de la CDMX},
	url = {https://datos.cdmx.gob.mx/dataset/mercados-publicos},
	year = {2022},
	bdsk-url-1 = {https://datos.cdmx.gob.mx/dataset/mercados-publicos}}

@misc{cdmx_alcaldias,
	abstract = {Conjunto de datos que proporciona los pol{\'\i}gonos que definen los l{\'\i}mites de las 16 alcald{\'\i}as de la Ciudad de M{\'e}xico, disponible en formatos SHP y GeoJSON.},
	author = {Instituto Nacional de Estad{\'\i}stica y Geograf{\'\i}a (INEGI)},
	date-added = {2024-05-18 21:28:46 -0600},
	date-modified = {2024-05-18 21:28:46 -0600},
	note = {Accessed: 2024-05-18},
	title = {L{\'\i}mite de Alcald{\'\i}as ({\'a}reas geoestad{\'\i}sticas municipales) - Portal de Datos Abiertos de la CDMX},
	url = {https://datos.cdmx.gob.mx/dataset/alcaldias},
	year = {2023},
	bdsk-url-1 = {https://datos.cdmx.gob.mx/dataset/alcaldias}}

@misc{cdmx_hospitales_salud,
	abstract = {Conjunto de datos que proporciona las ubicaciones georreferenciadas de hospitales y centros de salud del Gobierno de la Ciudad de M{\'e}xico, disponible en formatos CSV y SHP.},
	author = {Secretar{\'\i}a de Salud de la Ciudad de M{\'e}xico},
	date-added = {2024-05-18 21:27:17 -0600},
	date-modified = {2024-05-18 21:27:17 -0600},
	note = {Accessed: 2024-05-18},
	title = {Hospitales y Centros de Salud - Portal de Datos Abiertos de la CDMX},
	url = {https://datos.cdmx.gob.mx/dataset/hospitales-y-centros-de-salud},
	year = {2022},
	bdsk-url-1 = {https://datos.cdmx.gob.mx/dataset/hospitales-y-centros-de-salud}}

@misc{cdmx_marginalidad_violencia,
	abstract = {Conjunto de datos que proporciona informaci{\'o}n sobre el grado de marginalidad y violencia urbana por colonia en la Ciudad de M{\'e}xico, disponible en formatos CSV, SHP, y GeoJSON.},
	author = {CentroGeo y Instituto de Planeaci{\'o}n Democr{\'a}tica y Prospectiva (IPDP)},
	date-added = {2024-05-18 21:26:44 -0600},
	date-modified = {2024-05-18 21:26:44 -0600},
	note = {Accessed: 2024-05-18},
	title = {Grado de marginalidad y violencia urbana por colonia en la Ciudad de M{\'e}xico - Portal de Datos Abiertos de la CDMX},
	url = {https://datos.cdmx.gob.mx/dataset/grado-de-marginalidad-y-violencia-urbana-por-colonia-en-la-ciudad-de-mexico},
	year = {2022},
	bdsk-url-1 = {https://datos.cdmx.gob.mx/dataset/grado-de-marginalidad-y-violencia-urbana-por-colonia-en-la-ciudad-de-mexico}}

@misc{cdmx_escuelas_superior,
	abstract = {Conjunto de datos que contiene los planteles de educaci{\'o}n superior en la Zona Metropolitana del Valle de M{\'e}xico, incluyendo datos sobre alumnos y docentes, nombres y domicilios de los planteles, disponible en formatos CSV, SHP, y GeoJSON.},
	author = {Sistema de Informaci{\'o}n y Gesti{\'o}n Educativo (SIGED)},
	date-added = {2024-05-18 21:22:15 -0600},
	date-modified = {2024-05-18 21:22:15 -0600},
	note = {Accessed: 2024-05-18},
	title = {Escuelas de nivel superior en la Zona Metropolitana del Valle de M{\'e}xico - Portal de Datos Abiertos de la CDMX},
	url = {https://datos.cdmx.gob.mx/dataset/escuelas-de-nivel-superior-en-la-zona-metropolitana-del-valle-de-mexico},
	year = {2022},
	bdsk-url-1 = {https://datos.cdmx.gob.mx/dataset/escuelas-de-nivel-superior-en-la-zona-metropolitana-del-valle-de-mexico}}

@misc{cdmx_escuelas_publicas,
	abstract = {Conjunto de datos que proporciona la ubicaci{\'o}n de las escuelas p{\'u}blicas en la Ciudad de M{\'e}xico, disponible en formatos CSV y SHP.},
	author = {Secretar{\'\i}a de Educaci{\'o}n Ciencia y Tecnolog{\'\i}a e Innovaci{\'o}n (SECTEI)},
	date-added = {2024-05-18 21:21:11 -0600},
	date-modified = {2024-05-18 21:21:11 -0600},
	note = {Accessed: 2024-05-18},
	title = {Escuelas p{\'u}blicas - Portal de Datos Abiertos de la CDMX},
	url = {https://datos.cdmx.gob.mx/dataset/escuelas-publicas},
	year = {2022},
	bdsk-url-1 = {https://datos.cdmx.gob.mx/dataset/escuelas-publicas}}

@misc{cdmx_escuelas_privadas,
	abstract = {Conjunto de datos que proporciona la ubicaci{\'o}n de las escuelas privadas en la Ciudad de M{\'e}xico, disponible en formatos CSV y SHP.},
	author = {Secretar{\'\i}a de Gesti{\'o}n Integral de Riesgos y Protecci{\'o}n Civil},
	date-added = {2024-05-18 21:21:05 -0600},
	date-modified = {2024-05-18 21:21:05 -0600},
	note = {Accessed: 2024-05-18},
	title = {Escuelas privadas - Portal de Datos Abiertos de la CDMX},
	url = {https://datos.cdmx.gob.mx/dataset/escuelas-privadas},
	year = {2022},
	bdsk-url-1 = {https://datos.cdmx.gob.mx/dataset/escuelas-privadas}}

@misc{cdmx_codigos_postales,
	abstract = {Conjunto de datos que proporciona la informaci{\'o}n sobre los c{\'o}digos postales de la Ciudad de M{\'e}xico, disponible en formatos SHP y GeoJSON.},
	author = {Correos de M{\'e}xico},
	date-added = {2024-05-18 21:19:52 -0600},
	date-modified = {2024-05-18 21:19:52 -0600},
	note = {Accessed: 2024-05-18},
	title = {C{\'o}digos Postales de la Ciudad de M{\'e}xico - Portal de Datos Abiertos de la CDMX},
	url = {https://datos.cdmx.gob.mx/ca/dataset/codigos-postales},
	year = {2024},
	bdsk-url-1 = {https://datos.cdmx.gob.mx/ca/dataset/codigos-postales}}

@misc{cdmx_contaminacion_agua,
	abstract = {Conjunto de datos que proporciona la densidad de denuncias de contaminaci{\'o}n de agua en la Ciudad de M{\'e}xico, disponible en formatos CSV, SHP, y GeoJSON.},
	author = {CentroGeo y Procuradur{\'\i}a Ambiental y del Ordenamiento Territorial (PAOT)},
	date-added = {2024-05-18 21:19:30 -0600},
	date-modified = {2024-05-18 21:19:30 -0600},
	note = {Accessed: 2024-05-18},
	title = {Contaminaci{\'o}n de agua en la Ciudad de M{\'e}xico - Portal de Datos Abiertos de la CDMX},
	url = {https://datos.cdmx.gob.mx/es_AR/dataset/contaminacion-de-agua-en-la-ciudad-de-mexico},
	year = {2022},
	bdsk-url-1 = {https://datos.cdmx.gob.mx/es_AR/dataset/contaminacion-de-agua-en-la-ciudad-de-mexico}}

@misc{cdmx_contaminacion_acustica,
	abstract = {Conjunto de datos que proporciona la densidad de denuncias de contaminaci{\'o}n ac{\'u}stica en la Ciudad de M{\'e}xico, disponible en formatos CSV, SHP, y GeoJSON.},
	author = {CentroGeo y Procuradur{\'\i}a Ambiental y del Ordenamiento Territorial (PAOT)},
	date-added = {2024-05-18 21:17:08 -0600},
	date-modified = {2024-05-18 21:17:08 -0600},
	note = {Accessed: 2024-05-18},
	title = {Contaminaci{\'o}n ac{\'u}stica en Ciudad de M{\'e}xico - Portal de Datos Abiertos de la CDMX},
	url = {https://datos.cdmx.gob.mx/id/dataset/contaminacion-acustica-en-ciudad-de-mexico},
	year = {2023},
	bdsk-url-1 = {https://datos.cdmx.gob.mx/id/dataset/contaminacion-acustica-en-ciudad-de-mexico}}

@misc{cdmx_concentraciones_comerciantes,
	abstract = {Conjunto de datos que proporciona la ubicaci{\'o}n de las concentraciones de comerciantes en la Ciudad de M{\'e}xico, disponible en formatos CSV, SHP, KMZ y GeoJSON.},
	author = {Secretar{\'\i}a de Desarrollo Econ{\'o}mico (SEDECO)},
	date-added = {2024-05-18 21:15:57 -0600},
	date-modified = {2024-05-18 21:15:57 -0600},
	note = {Accessed: 2024-05-18},
	title = {Concentraciones de Comerciantes - Portal de Datos Abiertos de la CDMX},
	url = {https://datos.cdmx.gob.mx/dataset/concentraciones-de-comerciantes},
	year = {2023},
	bdsk-url-1 = {https://datos.cdmx.gob.mx/dataset/concentraciones-de-comerciantes}}

@misc{cdmx_centros_comerciales,
	abstract = {Conjunto de datos que incluye informaci{\'o}n sobre centros comerciales, plazas comerciales y tiendas de autoservicio en la Ciudad de M{\'e}xico, disponible en formatos CSV, SHP, y GeoJSON.},
	author = {Instituto de Planeaci{\'o}n Democr{\'a}tica y Prospectiva de la Ciudad de M{\'e}xico},
	date-added = {2024-05-18 21:14:16 -0600},
	date-modified = {2024-05-18 21:14:16 -0600},
	note = {Accessed: 2024-05-18},
	title = {Centros comerciales, plazas comerciales y tiendas de autoservicio - Portal de Datos Abiertos de la CDMX},
	url = {https://datos.cdmx.gob.mx/dataset/centros-comerciales-plazas-comerciales-y-tiendas-de-autoservicio},
	year = {2023},
	bdsk-url-1 = {https://datos.cdmx.gob.mx/dataset/centros-comerciales-plazas-comerciales-y-tiendas-de-autoservicio}}

@manual{sklearn_gridsearchcv,
	abstract = {La documentaci{\'o}n de GridSearchCV en scikit-learn detalla c{\'o}mo realizar una b{\'u}squeda exhaustiva sobre los valores de par{\'a}metros especificados para un estimador. GridSearchCV implementa m{\'e}todos de ajuste y puntuaci{\'o}n, y optimiza los par{\'a}metros del estimador mediante una b{\'u}squeda en cuadr{\'\i}cula con validaci{\'o}n cruzada.},
	author = {scikit-learn developers},
	date-added = {2024-05-18 18:24:16 -0600},
	date-modified = {2024-05-18 18:24:16 -0600},
	note = {Accessed: 2024-05-18},
	title = {GridSearchCV Documentation},
	url = {https://scikit-learn.org/stable/modules/generated/sklearn.model_selection.GridSearchCV.html},
	year = {2024},
	bdsk-url-1 = {https://scikit-learn.org/stable/modules/generated/sklearn.model_selection.GridSearchCV.html}}

@misc{namecheap,
	author = {Namecheap, Inc.},
	date-added = {2024-05-18 03:16:35 -0600},
	date-modified = {2024-05-18 03:16:35 -0600},
	note = {Accessed: 2024-05-18},
	title = {Namecheap Official Website},
	url = {https://www.namecheap.com/},
	year = {2024},
	bdsk-url-1 = {https://www.namecheap.com/}}

@manual{docker_multiplatform,
	abstract = {La documentaci{\'o}n sobre im{\'a}genes multiplataforma en Docker describe c{\'o}mo crear im{\'a}genes que incluyan variantes para m{\'u}ltiples arquitecturas y sistemas operativos. Esta funcionalidad permite que Docker detecte y seleccione autom{\'a}ticamente la variante adecuada para la arquitectura y el sistema operativo del host.},
	address = {https://docker.com},
	author = {Docker, Inc.},
	date-added = {2024-05-18 03:04:35 -0600},
	date-modified = {2024-05-19 00:34:12 -0600},
	note = {Accessed: 2024-05-18},
	organization = {Docker, Inc.},
	title = {Multi-platform images Documentation},
	url = {https://docs.docker.com/build/building/multi-platform/},
	year = {2024},
	bdsk-url-1 = {https://docs.docker.com/build/building/multi-platform/}}

@manual{docker_buildkit,
	abstract = {BuildKit es un backend mejorado que reemplaza al constructor heredado. Proporciona nuevas funcionalidades y mejora el rendimiento de las compilaciones, soportando escenarios complejos como la detecci{\'o}n y omisi{\'o}n de etapas de compilaci{\'o}n no utilizadas, la paralelizaci{\'o}n de etapas de compilaci{\'o}n independientes y la transferencia incremental de archivos cambiados en el contexto de compilaci{\'o}n.},
	author = {Docker, Inc.},
	date-added = {2024-05-18 03:02:55 -0600},
	date-modified = {2024-05-18 03:02:55 -0600},
	note = {Accessed: 2024-05-18},
	title = {BuildKit Documentation},
	url = {https://docs.docker.com/build/buildkit/},
	year = {2024},
	bdsk-url-1 = {https://docs.docker.com/build/buildkit/}}

@misc{skypricedockerhub,
	author = {Humberto Alcocer},
	date-added = {2024-05-18 02:58:37 -0600},
	date-modified = {2024-05-18 02:59:12 -0600},
	month = {April},
	note = {Accessed: 2024-05-18},
	title = {SkyPrice API Docker Repository},
	url = {https://hub.docker.com/r/humbertowoody/skyprice-api/tags},
	year = {2024},
	bdsk-url-1 = {https://hub.docker.com/r/humbertowoody/skyprice-api/tags}}

@misc{sigcdmx,
	author = {{Agencia Digital de Innovaci{\'o}n P{\'u}blica}},
	date-added = {2023-11-28 18:54:37 -0600},
	date-modified = {2023-11-28 18:54:37 -0600},
	howpublished = {\url{https://sig.cdmx.gob.mx/}},
	note = {Disponible en},
	title = {Sistema Abierto de Informaci{\'o}n Geogr{\'a}fica (SIGCDMX)}}

@misc{aws_free_2023,
	author = {{Amazon Web Services, Inc.}},
	date-added = {2023-11-27 19:37:47 -0600},
	date-modified = {2023-11-27 19:37:47 -0600},
	howpublished = {\url{https://aws.amazon.com/free}},
	note = {Accedido: 2023-11-27},
	title = {{AWS Free Tier}},
	year = 2023}

@misc{google_maps_platform_start,
	date-added = {2023-11-26 23:28:55 -0600},
	date-modified = {2023-11-26 23:28:55 -0600},
	day = {16},
	howpublished = {Google for Developers},
	month = {November},
	note = {{\'U}ltimo acceso: 2023-11-26},
	title = {Getting started with Google Maps Platform},
	url = {https://developers.google.com/maps/get-started},
	year = {2023},
	bdsk-url-1 = {https://developers.google.com/maps/get-started}}

@misc{kepler_gl_docs,
	author = {{Kepler.gl}},
	date-added = {2023-11-26 23:22:49 -0600},
	date-modified = {2023-11-26 23:22:49 -0600},
	note = {{\'U}ltimo acceso: 2023-11-26},
	title = {Welcome to kepler.gl documentation},
	url = {https://docs.kepler.gl/},
	year = {2023},
	bdsk-url-1 = {https://docs.kepler.gl/}}

@online{alonso_2023_qgis,
	author = {Alonso, Diego},
	date-added = {2023-11-26 23:17:39 -0600},
	date-modified = {2023-11-26 23:17:39 -0600},
	month = {March},
	note = {{\'U}ltimo acceso: 2023-11-26},
	organization = {MappingGIS},
	title = {Las novedades m{\'a}s destacadas de QGIS 3.30},
	url = {https://mappinggis.com/2023/03/las-novedades-mas-destacadas-de-qgis-3-30/},
	year = {2023},
	bdsk-url-1 = {https://mappinggis.com/2023/03/las-novedades-mas-destacadas-de-qgis-3-30/}}

@misc{national_geographic_gis_2023,
	author = {Evers, Jeannie},
	date-added = {2023-11-26 23:14:47 -0600},
	date-modified = {2023-11-26 23:14:47 -0600},
	day = {3},
	howpublished = {National Geographic Society},
	month = {November},
	note = {{\'U}ltimo acceso: 2023-11-26},
	title = {GIS (Geographic Information System)},
	url = {https://education.nationalgeographic.org/resource/geographic-information-system-gis/},
	year = {2023},
	bdsk-url-1 = {https://education.nationalgeographic.org/resource/geographic-information-system-gis/}}

@article{wyatt1997development,
	author = {Wyatt, Peter J},
	date-added = {2023-11-26 23:07:51 -0600},
	date-modified = {2023-11-26 23:07:51 -0600},
	journal = {International Journal of Geographical Information Science},
	number = {5},
	pages = {435--450},
	publisher = {Taylor \& Francis},
	title = {The development of a GIS-based property information system for real estate valuation},
	volume = {11},
	year = {1997}}

@article{burrough2001gis,
	author = {Burrough, PA},
	date-added = {2023-11-26 23:03:21 -0600},
	date-modified = {2023-11-26 23:03:21 -0600},
	journal = {Environmental and ecological statistics},
	pages = {361--377},
	publisher = {Springer},
	title = {GIS and geostatistics: Essential partners for spatial analysis},
	volume = {8},
	year = {2001}}

@article{cloud2011amazon,
	author = {Cloud, Amazon Elastic Compute},
	date-added = {2023-11-26 22:54:08 -0600},
	date-modified = {2023-11-26 22:54:08 -0600},
	journal = {Retrieved November},
	number = {2011},
	pages = {2011},
	title = {Amazon web services},
	volume = {9},
	year = {2011}}

@article{thinkwik_2018_aws,
	author = {Thinkwik},
	date-added = {2023-11-26 22:52:34 -0600},
	date-modified = {2023-11-26 22:52:34 -0600},
	day = {23},
	journal = {Medium},
	month = {May},
	note = {Accessed: 2023-11-26},
	title = {Everything You Wanted to Know About Amazon Web Services (AWS)},
	url = {https://medium.com/@thinkwik/everything-you-wanted-to-know-about-amazon-web-services-aws-25376e8462a9},
	year = {2018},
	bdsk-url-1 = {https://medium.com/@thinkwik/everything-you-wanted-to-know-about-amazon-web-services-aws-25376e8462a9}}

@book{wittig2023amazon,
	author = {Wittig, Andreas and Wittig, Michael},
	date-added = {2023-11-26 22:47:11 -0600},
	date-modified = {2023-11-26 22:47:11 -0600},
	publisher = {Simon and Schuster},
	title = {Amazon Web Services in Action: An In-depth Guide to AWS},
	year = {2023}}

@misc{microsoft_azure_2023,
	date-added = {2023-11-26 22:43:54 -0600},
	date-modified = {2023-11-26 22:43:54 -0600},
	journal = {Microsoft Azure},
	note = {Accessed: 2023-11-26},
	publisher = {Microsoft},
	title = {What is Azure---Microsoft Cloud Services},
	url = {https://azure.microsoft.com/en-us/overview/what-is-azure/},
	year = {2023},
	bdsk-url-1 = {https://azure.microsoft.com/en-us/overview/what-is-azure/}}

@book{geewax2018google,
	author = {Geewax, John J JJ},
	date-added = {2023-11-26 22:33:25 -0600},
	date-modified = {2023-11-26 22:33:25 -0600},
	publisher = {Simon and Schuster},
	title = {Google Cloud platform in action},
	year = {2018}}

@misc{john_2023,
	author = {John, Amy Sarah},
	date-added = {2023-11-26 22:22:54 -0600},
	date-modified = {2023-11-26 22:22:54 -0600},
	journal = {Wire19},
	month = {May},
	note = {Disponible en: \url{https://wire19.com/cloud-infrastructure-spending/}},
	title = {Q1 2023 cloud spending crosses \$63 billion globally},
	url = {https://wire19.com/cloud-infrastructure-spending/},
	year = {2023},
	bdsk-url-1 = {https://wire19.com/cloud-infrastructure-spending/}}

@article{huth2011basics,
	author = {Huth, Alexa and Cebula, James},
	date-added = {2023-11-26 22:16:23 -0600},
	date-modified = {2023-11-26 22:16:23 -0600},
	journal = {United States Computer},
	pages = {1--4},
	title = {The basics of cloud computing},
	year = {2011}}

@misc{VuejsGuide2023,
	date-added = {2023-11-26 22:10:21 -0600},
	date-modified = {2023-11-26 22:12:54 -0600},
	note = {Accedido en 26-Noviembre-2023},
	title = {Introduction | Vue.js},
	url = {https://vuejs.org/guide/introduction.html},
	year = {2023},
	bdsk-url-1 = {https://vuejs.org/guide/introduction.html}}

@misc{ReactLearn2023,
	date-added = {2023-11-26 22:07:31 -0600},
	date-modified = {2023-11-26 22:07:43 -0600},
	note = {Accedido el 26 de noviembre de 2023},
	organization = {Facebook},
	title = {Quick Start -- React},
	url = {https://react.dev/learn},
	year = {2023},
	bdsk-url-1 = {https://react.dev/learn}}

@misc{mui_getting_started,
	author = {{MUI Team}},
	date-added = {2023-11-26 22:01:20 -0600},
	date-modified = {2023-11-26 22:01:20 -0600},
	howpublished = {\url{https://mui.com/material-ui/getting-started/}},
	note = {Introducci{\'o}n y gu{\'\i}a de inicio para Material-UI, un framework de interfaz de usuario para React que implementa Material Design de Google.},
	title = {Getting Started with Material-UI},
	year = {2023}}

@misc{bootstrap_official,
	author = {{Bootstrap}},
	date-added = {2023-11-26 21:52:04 -0600},
	date-modified = {2023-11-26 21:52:04 -0600},
	title = {Introduction Â· Bootstrap},
	url = {https://getbootstrap.com/docs/5.0/getting-started/introduction/},
	year = {2023},
	bdsk-url-1 = {https://getbootstrap.com/docs/5.0/getting-started/introduction/}}

@misc{w3c_css_home,
	author = {{World Wide Web Consortium}},
	date-added = {2023-11-26 21:46:38 -0600},
	date-modified = {2023-11-26 21:46:38 -0600},
	title = {Cascading Style Sheets home page - World Wide Web Consortium (W3C)},
	url = {https://www.w3.org/Style/CSS/},
	year = {2023},
	bdsk-url-1 = {https://www.w3.org/Style/CSS/}}

@misc{whatwg_html_standard,
	author = {{WHATWG}},
	date-added = {2023-11-26 21:42:24 -0600},
	date-modified = {2023-11-26 21:42:24 -0600},
	title = {HTML Standard},
	url = {https://html.spec.whatwg.org/},
	year = {2023},
	bdsk-url-1 = {https://html.spec.whatwg.org/}}

@inproceedings{4221621,
	author = {Jazayeri, Mehdi},
	booktitle = {Future of Software Engineering (FOSE '07)},
	date-added = {2023-11-26 21:39:39 -0600},
	date-modified = {2023-11-26 21:39:39 -0600},
	doi = {10.1109/FOSE.2007.26},
	pages = {199-213},
	title = {Some Trends in Web Application Development},
	year = {2007},
	bdsk-url-1 = {https://doi.org/10.1109/FOSE.2007.26}}

@misc{mdn_javascript,
	author = {{MDN Web Docs}},
	date-added = {2023-11-26 21:31:29 -0600},
	date-modified = {2023-11-26 21:31:29 -0600},
	title = {JavaScript | MDN},
	url = {https://developer.mozilla.org/en-US/docs/Web/JavaScript},
	year = {2023},
	bdsk-url-1 = {https://developer.mozilla.org/en-US/docs/Web/JavaScript}}

@misc{docker_overview,
	author = {{Docker Docs}},
	date-added = {2023-11-26 21:24:39 -0600},
	date-modified = {2023-11-26 21:24:39 -0600},
	howpublished = {\url{https://docs.docker.com/get-started/overview/}},
	note = {Docker es una plataforma abierta para desarrollar, distribuir y ejecutar aplicaciones, que permite separar aplicaciones de infraestructura para entregar software r{\'a}pidamente.},
	title = {Docker overview},
	year = {2023}}

@misc{mdn_cdn,
	author = {{MDN Web Docs}},
	date-added = {2023-11-26 21:17:57 -0600},
	date-modified = {2023-11-26 21:17:57 -0600},
	title = {CDN},
	url = {https://developer.mozilla.org/en-US/docs/Glossary/CDN},
	year = {2022},
	bdsk-url-1 = {https://developer.mozilla.org/en-US/docs/Glossary/CDN}}

@misc{cornell_dns,
	author = {{IT@Cornell}},
	date-added = {2023-11-26 21:15:53 -0600},
	date-modified = {2023-11-26 21:15:53 -0600},
	title = {DNS Definition and Basics},
	url = {https://it.cornell.edu/dns/dns-definition-and-basics},
	year = {2022},
	bdsk-url-1 = {https://it.cornell.edu/dns/dns-definition-and-basics}}

@misc{Cloudflare_HTTPS,
	date-added = {2023-11-26 21:13:43 -0600},
	date-modified = {2023-11-26 21:13:43 -0600},
	note = {[Online; accessed 26-November-2023]},
	title = {What is HTTPS? | Cloudflare},
	url = {https://www.cloudflare.com/learning/ssl/what-is-https/},
	bdsk-url-1 = {https://www.cloudflare.com/learning/ssl/what-is-https/}}

@misc{SSL_Shopper_SSL,
	date-added = {2023-11-26 21:11:32 -0600},
	date-modified = {2023-11-26 21:11:32 -0600},
	note = {[Online; accessed 26-November-2023]},
	title = {Secure Sockets Layer - SSL Shopper},
	url = {https://www.sslshopper.com/what-is-ssl.html},
	bdsk-url-1 = {https://www.sslshopper.com/what-is-ssl.html}}

@misc{MDN_Web_Docs_JSON,
	date-added = {2023-11-26 21:05:48 -0600},
	date-modified = {2023-11-26 21:05:48 -0600},
	note = {[Online; accessed 26-November-2023]},
	title = {Working with JSON - Learn web development | MDN - MDN Web Docs},
	url = {https://developer.mozilla.org/en-US/docs/Learn/JavaScript/Objects/JSON},
	bdsk-url-1 = {https://developer.mozilla.org/en-US/docs/Learn/JavaScript/Objects/JSON}}

@article{restapi_ironio,
	author = {Nick},
	date-added = {2023-11-26 20:31:13 -0600},
	date-modified = {2023-11-26 20:31:13 -0600},
	day = {13},
	journal = {The Iron.io Blog},
	month = {November},
	title = {What Is REST API?},
	url = {https://blog.iron.io/what-is-rest-api/},
	year = {2020},
	bdsk-url-1 = {https://blog.iron.io/what-is-rest-api/}}

@misc{Red_Hat_REST_API,
	date-added = {2023-11-26 20:22:06 -0600},
	date-modified = {2023-11-26 20:22:06 -0600},
	note = {[Online; accessed 26-November-2023]},
	title = {What is a REST API? - Red Hat},
	url = {https://www.redhat.com/en/topics/api/what-is-a-rest-api},
	bdsk-url-1 = {https://www.redhat.com/en/topics/api/what-is-a-rest-api}}

@misc{FastAPI_Official,
	date-added = {2023-11-26 20:09:23 -0600},
	date-modified = {2023-11-26 20:09:23 -0600},
	note = {[Online; accessed 26-November-2023]},
	title = {FastAPI - tiangolo},
	url = {https://fastapi.tiangolo.com/},
	bdsk-url-1 = {https://fastapi.tiangolo.com/}}

@misc{scikit-learn,
	author = {Scikit-learn developers},
	date-added = {2023-11-26 20:05:06 -0600},
	date-modified = {2023-11-26 20:05:06 -0600},
	howpublished = {\url{https://scikit-learn.org/stable/}},
	note = {Herramientas simples y eficientes para el an{\'a}lisis predictivo de datos, accesibles para todos y reutilizables en varios contextos. Construido sobre NumPy, SciPy, y matplotlib. C{\'o}digo abierto, utilizable comercialmente - Licencia BSD},
	title = {Scikit-learn: Machine Learning in Python},
	year = {2023}}

@misc{keras,
	author = {Keras Team},
	date-added = {2023-11-26 20:00:49 -0600},
	date-modified = {2023-11-26 20:00:49 -0600},
	note = {Accedido el 26 de noviembre de 2023},
	title = {About Keras},
	url = {https://keras.io/about/},
	year = {2023},
	bdsk-url-1 = {https://keras.io/about/}}

@inproceedings{10.1145/1143844.1143865,
	abstract = {A number of supervised learning methods have been introduced in the last decade. Unfortunately, the last comprehensive empirical evaluation of supervised learning was the Statlog Project in the early 90's. We present a large-scale empirical comparison between ten supervised learning methods: SVMs, neural nets, logistic regression, naive bayes, memory-based learning, random forests, decision trees, bagged trees, boosted trees, and boosted stumps. We also examine the effect that calibrating the models via Platt Scaling and Isotonic Regression has on their performance. An important aspect of our study is the use of a variety of performance criteria to evaluate the learning methods.},
	address = {New York, NY, USA},
	author = {Caruana, Rich and Niculescu-Mizil, Alexandru},
	booktitle = {Proceedings of the 23rd International Conference on Machine Learning},
	date-added = {2023-11-26 17:15:15 -0600},
	date-modified = {2023-11-26 17:15:15 -0600},
	doi = {10.1145/1143844.1143865},
	isbn = {1595933832},
	location = {Pittsburgh, Pennsylvania, USA},
	numpages = {8},
	pages = {161--168},
	publisher = {Association for Computing Machinery},
	series = {ICML '06},
	title = {An Empirical Comparison of Supervised Learning Algorithms},
	url = {https://doi.org/10.1145/1143844.1143865},
	year = {2006},
	bdsk-url-1 = {https://doi.org/10.1145/1143844.1143865}}

@misc{mathworks_machine_learning,
	author = {{MathWorks Espa{\~n}a}},
	date-added = {2023-11-26 17:11:40 -0600},
	date-modified = {2023-11-26 17:11:52 -0600},
	howpublished = {\url{https://es.mathworks.com/help/stats/machine-learning-in-matlab.html}},
	note = {Accedido en 26-Noviembre-2023},
	title = {Machine Learning in MATLAB},
	year = {2023}}

@misc{vida_neurocure_2020,
	author = {Imre Vida},
	date-added = {2023-11-26 16:35:57 -0600},
	date-modified = {2023-11-26 16:35:57 -0600},
	howpublished = {\url{https://www.quantamagazine.org/neural-dendrites-reveal-their-computational-power-20200114/}},
	note = {NeuroCure Cluster, Charit{\'e} -- Universit{\"a}tsmedizin Berlin},
	title = {Imagen en: Neural Dendrites Reveal Their Computational Power},
	year = {2020}}

@inbook{Cunningham2008,
	abstract = {Supervised learning accounts for a lot of research activity in machine learning and many supervised learning techniques have found application in the processing of multimedia content. The defining characteristic of supervised learning is the availability of annotated training data. The name invokes the idea of a `supervisor' that instructs the learning system on the labels to associate with training examples. Typically these labels are class labels in classification problems. Supervised learning algorithms induce models from these training data and these models can be used to classify other unlabelled data. In this chapter we ground or analysis of supervised learning on the theory of risk minimization. We provide an overview of support vector machines and nearest neighbour classifiers{\textasciitilde}-- probably the two most popular supervised learning techniques employed in multimedia research.},
	address = {Berlin, Heidelberg},
	author = {Cunningham, P{\'a}draig and Cord, Matthieu and Delany, Sarah Jane},
	booktitle = {Machine Learning Techniques for Multimedia: Case Studies on Organization and Retrieval},
	date-added = {2023-11-26 16:20:48 -0600},
	date-modified = {2023-11-26 16:20:48 -0600},
	doi = {10.1007/978-3-540-75171-7_2},
	editor = {Cord, Matthieu and Cunningham, P{\'a}draig},
	isbn = {978-3-540-75171-7},
	pages = {21--49},
	publisher = {Springer Berlin Heidelberg},
	title = {Supervised Learning},
	url = {https://doi.org/10.1007/978-3-540-75171-7_2},
	year = {2008},
	bdsk-url-1 = {https://doi.org/10.1007/978-3-540-75171-7_2}}

@misc{moreno1994aprendizaje,
	author = {Moreno, Antonio and Armengol, Eva and B{\'e}jar Alonso, Javier and Belanche Mu{\~n}oz, Luis Antonio and Cort{\'e}s Garc{\'\i}a, Claudio Ulises and Gavald{\`a} Mestre, Ricard and Gimeno, Juan Manuel and Mart{\'\i}n Mu{\~n}oz, Mario and S{\`a}nchez-Marr{\`e}, Miquel},
	date-added = {2023-11-26 16:17:36 -0600},
	date-modified = {2023-11-26 16:17:36 -0600},
	publisher = {Edicions UPC},
	title = {Aprendizaje autom{\'a}tico},
	year = {1994}}

@article{mccarthy2004artificial,
	author = {McCarthy, John},
	date-added = {2023-11-26 16:09:50 -0600},
	date-modified = {2023-11-26 16:09:50 -0600},
	title = {What is artificial intelligence?},
	year = {2004}}

@misc{MDN_Web_Docs_Django,
	date-added = {2023-11-26 15:12:06 -0600},
	date-modified = {2023-11-26 15:12:06 -0600},
	note = {[Online; accessed 26-November-2023]},
	title = {Django introduction - Learn web development | MDN},
	url = {https://developer.mozilla.org/en-US/docs/Learn/Server-side/Django/Introduction},
	bdsk-url-1 = {https://developer.mozilla.org/en-US/docs/Learn/Server-side/Django/Introduction}}

@misc{Flask_Documentation,
	date-added = {2023-11-26 14:56:20 -0600},
	date-modified = {2023-11-26 14:56:20 -0600},
	note = {[Online; accessed 26-November-2023]},
	title = {Welcome to Flask --- Flask Documentation (3.0.x)},
	url = {https://flask.palletsprojects.com},
	bdsk-url-1 = {https://flask.palletsprojects.com}}

@misc{Python_Basics_Flask,
	date-added = {2023-11-26 14:55:46 -0600},
	date-modified = {2023-11-26 14:55:46 -0600},
	note = {[Online; accessed 26-November-2023]},
	title = {What is Flask Python - Python Tutorial},
	url = {https://pythonbasics.org/what-is-flask-python},
	bdsk-url-1 = {https://pythonbasics.org/what-is-flask-python}}

@misc{Python_org,
	date-added = {2023-11-26 14:27:29 -0600},
	date-modified = {2023-11-26 14:27:29 -0600},
	note = {[Online; accessed 26-November-2023]},
	title = {What is Python? Executive Summary | Python.org},
	url = {https://www.python.org/doc/essays/blurb/},
	bdsk-url-1 = {https://www.python.org/doc/essays/blurb/}}

@misc{W3Schools_Python,
	date-added = {2023-11-26 14:27:29 -0600},
	date-modified = {2023-11-26 14:27:29 -0600},
	note = {[Online; accessed 26-November-2023]},
	title = {Introduction to Python - W3Schools},
	url = {https://www.w3schools.com/python/python_intro.asp},
	bdsk-url-1 = {https://www.w3schools.com/python/python_intro.asp}}

@article{beltran2023servicioweb,
	author = {Beltr{\'a}n, Williams},
	date-added = {2023-11-26 14:21:54 -0600},
	date-modified = {2023-11-26 14:23:49 -0600},
	journal = {Medium},
	month = {Mayo},
	title = {Diferencia entre API y Servicio Web},
	url = {https://medium.com/beltranc/diferencia-entre-api-y-servicio-web-5f204af3aedb},
	year = {2019},
	bdsk-url-1 = {https://medium.com/beltranc/diferencia-entre-api-y-servicio-web-5f204af3aedb}}

@misc{Wikipedia_Web_Service,
	date-added = {2023-11-26 14:17:50 -0600},
	date-modified = {2023-11-26 14:17:50 -0600},
	note = {[Online; accessed 26-November-2023]},
	title = {Web service - Wikipedia},
	url = {https://en.wikipedia.org/wiki/Web_service},
	bdsk-url-1 = {https://en.wikipedia.org/wiki/Web_service}}

@misc{GeeksforGeeks_Web_Services,
	date-added = {2023-11-26 14:17:17 -0600},
	date-modified = {2023-11-26 14:17:17 -0600},
	note = {[Online; accessed 26-November-2023]},
	title = {What are Web Services? - GeeksforGeeks},
	url = {https://www.geeksforgeeks.org/what-are-web-services/},
	bdsk-url-1 = {https://www.geeksforgeeks.org/what-are-web-services/}}

@techreport{shafranovich2005common,
	author = {Shafranovich, Yakov},
	date-added = {2023-11-25 22:36:35 -0600},
	date-modified = {2023-11-25 22:36:35 -0600},
	title = {Common format and MIME type for comma-separated values (CSV) files},
	year = {2005}}

@misc{curl_project,
	date-added = {2023-11-25 22:13:42 -0600},
	date-modified = {2023-11-26 22:13:23 -0600},
	howpublished = {\url{https://everything.curl.dev/project/does}},
	note = {Accedido: 26-Nov-2023},
	title = {What cURL Does},
	year = {2023}}

@misc{scrapy_overview,
	date-added = {2023-11-25 21:56:03 -0600},
	date-modified = {2023-11-26 22:13:40 -0600},
	howpublished = {\url{https://docs.scrapy.org/en/latest/intro/overview.html}},
	note = {Accedido: 26-Nov-2023},
	title = {Scrapy Overview},
	year = {2023}}

@misc{beautiful_soup,
	date-added = {2023-11-25 21:50:48 -0600},
	date-modified = {2023-11-26 22:13:14 -0600},
	howpublished = {\url{https://www.crummy.com/software/BeautifulSoup/bs4/doc/#module-bs4}},
	note = {Accedido: 26-Nov-2023},
	title = {Beautiful Soup Documentation},
	year = {2023}}

@misc{selenium_webdriver,
	date-added = {2023-11-25 20:56:32 -0600},
	date-modified = {2023-11-26 22:13:47 -0600},
	howpublished = {\url{https://www.selenium.dev/documentation/webdriver/}},
	note = {Accedido: 26-Nov-2023},
	title = {Selenium WebDriver},
	year = {2023}}

@misc{gestion_digital_territorio_2018,
	address = {M{\'e}xico},
	author = {SEDATU},
	date-added = {2023-11-25 20:46:04 -0600},
	date-modified = {2023-11-25 20:46:11 -0600},
	howpublished = {\url{https://datos.gob.mx/busca/dataset/gestion-digital-del-territorio-catalogo-de-informacion-registral-y-catastral}},
	language = {es},
	organization = {Secretar{\'\i}a de Desarrollo Agrario, Territorial y Urbano},
	publisher = {Gobierno de M{\'e}xico},
	title = {Gesti{\'o}n digital del territorio: Cat{\'a}logo de Informaci{\'o}n Registral y Catastral},
	year = {2018}}

@manual{qgis_3.28_user_guide,
	address = {https://qgis.org},
	author = {{QGIS Development Team}},
	date-added = {2023-11-25 20:24:24 -0600},
	date-modified = {2023-11-26 22:13:32 -0600},
	note = {Accedido: 26-Nov-2023},
	organization = {QGIS},
	title = {QGIS 3.28 Desktop User Guide},
	url = {https://docs.qgis.org/3.28/pdf/es/QGIS-3.28-DesktopUserGuide-es.pdf},
	year = {2023},
	bdsk-url-1 = {https://docs.qgis.org/3.28/pdf/es/QGIS-3.28-DesktopUserGuide-es.pdf}}

@book{voron2023building,
	author = {Voron, Fran{\c{c}}ois},
	date-added = {2023-11-25 20:17:39 -0600},
	date-modified = {2023-11-25 20:17:39 -0600},
	publisher = {Packt Publishing Ltd},
	title = {Building Data Science Applications with FastAPI: Develop, manage, and deploy efficient machine learning applications with Python},
	year = {2023}}

@inproceedings{abadi2016tensorflow,
	author = {Abadi, Mart{\'\i}n},
	booktitle = {Proceedings of the 21st ACM SIGPLAN international conference on functional programming},
	date-added = {2023-11-25 20:13:27 -0600},
	date-modified = {2023-11-25 20:13:27 -0600},
	pages = {1--1},
	title = {TensorFlow: learning functions at scale},
	year = {2016}}

@webpage{google_geocoding_2023,
	date-added = {2023-11-25 20:06:52 -0600},
	date-modified = {2023-11-25 20:08:02 -0600},
	lastchecked = {Noviembre 2023},
	publisher = {Google for Developers},
	title = {Geocoding API overview},
	url = {https://developers.google.com/maps/documentation/geocoding/overview},
	year = {2023},
	bdsk-url-1 = {https://developers.google.com/maps/documentation/geocoding/overview}}

@book{muller1995neural,
	author = {M{\"u}ller, Berndt and Reinhardt, Joachim and Strickland, Michael T},
	date-added = {2023-11-25 19:37:12 -0600},
	date-modified = {2023-11-25 19:37:12 -0600},
	publisher = {Springer Science \& Business Media},
	title = {Neural networks: an introduction},
	year = {1995}}

@article{biau2016random,
	author = {Biau, G{\'e}rard and Scornet, Erwan},
	date-added = {2023-11-25 19:31:11 -0600},
	date-modified = {2023-11-25 19:31:11 -0600},
	journal = {Test},
	pages = {197--227},
	publisher = {Springer},
	title = {A random forest guided tour},
	volume = {25},
	year = {2016}}

@article{peterson2009k,
	author = {Peterson, Leif E},
	date-added = {2023-11-25 19:27:09 -0600},
	date-modified = {2023-11-25 19:27:09 -0600},
	journal = {Scholarpedia},
	number = {2},
	pages = {1883},
	title = {K-nearest neighbor},
	volume = {4},
	year = {2009}}

@article{pedregosa2011scikit,
	author = {Pedregosa, Fabian and Varoquaux, Ga{\"e}l and Gramfort, Alexandre and Michel, Vincent and Thirion, Bertrand and Grisel, Olivier and Blondel, Mathieu and Prettenhofer, Peter and Weiss, Ron and Dubourg, Vincent and others},
	date-added = {2023-11-25 19:12:41 -0600},
	date-modified = {2023-11-25 19:12:41 -0600},
	journal = {the Journal of machine Learning research},
	pages = {2825--2830},
	publisher = {JMLR. org},
	title = {Scikit-learn: Machine learning in Python},
	volume = {12},
	year = {2011}}

@article{greenacre2022principal,
	author = {Greenacre, Michael and Groenen, Patrick JF and Hastie, Trevor and d'Enza, Alfonso Iodice and Markos, Angelos and Tuzhilina, Elena},
	date-added = {2023-11-25 19:02:10 -0600},
	date-modified = {2023-11-25 19:02:10 -0600},
	journal = {Nature Reviews Methods Primers},
	number = {1},
	pages = {100},
	publisher = {Nature Publishing Group UK London},
	title = {Principal component analysis},
	volume = {2},
	year = {2022}}

@inproceedings{seabold2010statsmodels,
	author = {Seabold, Skipper and Perktold, Josef},
	booktitle = {Proceedings of the 9th Python in Science Conference},
	date-added = {2023-11-25 18:19:41 -0600},
	date-modified = {2023-11-25 18:19:41 -0600},
	number = {61},
	organization = {Austin, TX},
	pages = {10--25080},
	title = {Statsmodels: Econometric and statistical modeling with python},
	volume = {57},
	year = {2010}}

@book{oliphant2006guide,
	author = {Oliphant, Travis E and others},
	date-added = {2023-11-25 18:11:31 -0600},
	date-modified = {2023-11-25 18:11:31 -0600},
	publisher = {Trelgol Publishing USA},
	title = {Guide to numpy},
	volume = {1},
	year = {2006}}

@article{mckinney2011pandas,
	author = {McKinney, Wes and others},
	date-added = {2023-11-25 18:04:56 -0600},
	date-modified = {2023-11-25 18:04:56 -0600},
	journal = {Python for high performance and scientific computing},
	number = {9},
	pages = {1--9},
	publisher = {Seattle},
	title = {pandas: a foundational Python library for data analysis and statistics},
	volume = {14},
	year = {2011}}

@inproceedings{van2007python,
	author = {Van Rossum, Guido and others},
	booktitle = {USENIX annual technical conference},
	date-added = {2023-11-25 17:57:32 -0600},
	date-modified = {2023-11-25 17:57:32 -0600},
	number = {1},
	organization = {Santa Clara, CA},
	pages = {1--36},
	title = {Python Programming Language.},
	volume = {41},
	year = {2007}}

@article{jacobson2021unified,
	author = {Jacobson, Lvar and Booch, James Rumbaugh Grady},
	date-added = {2023-11-25 17:07:56 -0600},
	date-modified = {2023-11-25 17:07:56 -0600},
	title = {The unified modeling language reference manual},
	year = {2021}}

@book{cohn2004user,
	author = {Cohn, Mike},
	date-added = {2023-11-25 17:02:46 -0600},
	date-modified = {2023-11-25 17:02:46 -0600},
	publisher = {Addison-Wesley Professional},
	title = {User stories applied: For agile software development},
	year = {2004}}

@inproceedings{1290469,
	author = {Xiaoshan Li and Zhiming Liu and Jifeng, H.},
	booktitle = {2004 Australian Software Engineering Conference. Proceedings.},
	date-added = {2023-11-25 16:57:13 -0600},
	date-modified = {2023-11-25 16:57:13 -0600},
	doi = {10.1109/ASWEC.2004.1290469},
	pages = {168-177},
	title = {A formal semantics of UML sequence diagram},
	year = {2004},
	bdsk-url-1 = {https://doi.org/10.1109/ASWEC.2004.1290469}}

@article{181439409006,
	abstract = {   En las diferentes metodolog{\'\i}as o enfoques de desarrollo de software est{\'a} demostrado que la capa de l{\'o}gica de negocio de las aplicaciones empresariales resulta ser las m{\'a}s compleja de implementar y la que m{\'a}s tiende a variar. Esto es producto de los frecuentes cambios que ocurren en las reglas de negocio que controlan las organizaciones. Por lo general estas reglas de negocio quedan dispersas por varios puntos de la capa de l{\'o}gica de negocio de las aplicaciones empresariales. Este trabajo tiene como prop{\'o}sito discutir las facilidades del enfoque de reglas de negocio y demostrar la factibilidad de utilizar los motores de reglas de negocio como herramienta para implementar el enfoque. Se proponen los pasos para utilizar el motor de reglas en el desarrollo de aplicaciones Java siguiendo el enfoque de reglas de negocio y se valida la propuesta a trav{\'e}s de un caso de estudio empleando el motor de reglas JBoss Rules.  },
	author = {Garc{\'\i}a Gonz{\'a}lez, Juan Carlos Andr{\'e} Ampuero, Margarita},
	issn = {0864-4659},
	journal = {Ciencias de la Informaci{\'o}n},
	keywords = {Reglas de negocio; desarrollo de aplicaciones empresariales; enfoque de reglas de negocio; motores de reglas de negocio; ; Business rules; enterprise application development; business rules approach; business rules engine.},
	language = {Espa{\~n}ol},
	title = {Implementaci{\'o}n del enfoque de reglas de negocio utilizando motores de reglas en el desarrollo de aplicaciones Java},
	url = {https://www.redalyc.org/articulo.oa?id=181439409006},
	year = {2015},
	bdsk-url-1 = {https://www.redalyc.org/articulo.oa?id=181439409006}}

@article{stock2012introduccion,
	author = {Stock, James H and Watson, Mark W and Larri{\'o}n, Ra{\'u}l S{\'a}nchez},
	publisher = {Pearson Madrid},
	title = {Introducci{\'o}n a la Econometr{\'\i}a},
	year = {2012}}

@article{stephan2009exploratory,
	abstract = {Abstract Exploratory data analysis, or EDA for short, is a term coined by John W. Tukey for describing the act of looking at data to see what it seems to say. This article gives a description of some typical EDA procedures and discusses some of the principles of EDA. Copyright {\copyright} 2009 John Wiley \& Sons, Inc. This article is categorized under: Statistical and Graphical Methods of Data Analysis > Statistical Graphics and Visualization},
	author = {Morgenthaler, Stephan},
	doi = {https://doi.org/10.1002/wics.2},
	eprint = {https://wires.onlinelibrary.wiley.com/doi/pdf/10.1002/wics.2},
	journal = {WIREs Computational Statistics},
	keywords = {descriptive statistics, box plot, median polish, smoothing with medians, h-distribution},
	number = {1},
	pages = {33-44},
	title = {Exploratory data analysis},
	url = {https://wires.onlinelibrary.wiley.com/doi/abs/10.1002/wics.2},
	volume = {1},
	year = {2009},
	bdsk-url-1 = {https://wires.onlinelibrary.wiley.com/doi/abs/10.1002/wics.2},
	bdsk-url-2 = {https://doi.org/10.1002/wics.2}}

@webpage{inmuebles24url,
	date-added = {2023-11-23 20:16:19 -0600},
	date-modified = {2023-11-23 20:17:06 -0600},
	lastchecked = {23/Nov/2023},
	month = {November},
	url = {https://www.inmuebles24.com/departamentos-en-venta-en-ciudad-de-mexico.html},
	year = {2023},
	bdsk-url-1 = {https://www.inmuebles24.com/departamentos-en-venta-en-ciudad-de-mexico.html}}

@url{geeksforgeeks2023functional,
	date-added = {2023-11-23 20:01:16 -0600},
	date-modified = {2023-11-23 20:04:49 -0600},
	lastchecked = {23/Nov/2023},
	title = {Functional vs Non-Functional Requirements},
	url = {https://www.geeksforgeeks.org/functional-vs-non-functional-requirements/},
	year = {2022},
	bdsk-url-1 = {https://www.geeksforgeeks.org/functional-vs-non-functional-requirements/}}

@article{Shiller:1999aa,
	abstract = {A framework for comparing real estate valuation systems (including automated valuation models (AVMs) and current appraisal methods) is proposed. The density estimation and profit simulation (DEPS) method measures quality of a valuation system by simulating benefits to the mortgage lender who uses this method in mortgage underwriting to limit mortgage portfolio losses due to default. Related simple measures relevant to the selection of a valuation system are also discussed: skewness of the distribution of errors, correlation of valuation errors with current selling price errors, correlation of errors of the valuation system with errors of valuation systems used by competing mortgage lenders, and other measures.},
	author = {Shiller, Robert J. and Weiss, Allan N.},
	date = {1999/03/01},
	date-added = {2023-10-16 20:33:00 -0600},
	date-modified = {2023-10-16 20:33:00 -0600},
	doi = {10.1023/A:1007756607862},
	id = {Shiller1999},
	isbn = {1573-045X},
	journal = {The Journal of Real Estate Finance and Economics},
	number = {2},
	pages = {147--161},
	title = {Evaluating Real Estate Valuation Systems},
	url = {https://doi.org/10.1023/A:1007756607862},
	volume = {18},
	year = {1999},
	bdsk-file-1 = {YnBsaXN0MDDSAQIDBFxyZWxhdGl2ZVBhdGhYYm9va21hcmtfECwuLi8uLi8uLi8uLi8uLi9Eb3dubG9hZHMvQV8xMDA3NzU2NjA3ODYyLnBkZk8RA6xib29rrAMAAAAABBAwAAAAAAAAAAAAAAAAAAAAAAAAAAAAAAAAAAAAAAAAAAAAAACoAgAABQAAAAEBAABVc2VycwAAAA0AAAABAQAAaHVtYmVydG93b29keQAAAAkAAAABAQAARG93bmxvYWRzAAAAEwAAAAEBAABBXzEwMDc3NTY2MDc4NjIucGRmABAAAAABBgAABAAAABQAAAAsAAAAQAAAAAgAAAAEAwAAb1gAAAAAAAAIAAAABAMAAD6YAwAAAAAACAAAAAQDAABxmAMAAAAAAAgAAAAEAwAAV8BvCQAAAAAQAAAAAQYAAHQAAACEAAAAlAAAAKQAAAAIAAAAAAQAAEHFbw2dVEVCGAAAAAECAAABAAAAAAAAAA8AAAAAAAAAAAAAAAAAAAAIAAAABAMAAAIAAAAAAAAABAAAAAMDAAD1AQAACAAAAAEJAABmaWxlOi8vLwwAAAABAQAATWFjaW50b3NoIEhECAAAAAQDAAAAUKEbcwAAAAgAAAAABAAAQcXWA8GAAAAkAAAAAQEAADlGN0NEMTRCLUIwOTAtNDI2RS1BQTYwLTk4QjcxMzI5NjBGQhgAAAABAgAAgQAAAAEAAADvEwAAAQAAAAAAAAAAAAAAAQAAAAEBAAAvAAAAAAAAAAEFAADkAAAAAQIAADYxMmVjNzM3ZjNiNWI3ZjY3NmM4N2NhNmM4NTM2MzdhMmY2Nzk4OGZmZDJiOWE0OTkxZmVjNDQ1ZjljNzA4OTE7MDA7MDAwMDAwMDA7MDAwMDAwMDA7MDAwMDAwMDA7MDAwMDAwMDAwMDAwMDAyMDtjb20uYXBwbGUuYXBwLXNhbmRib3gucmVhZC13cml0ZTswMTswMTAwMDAxMDswMDAwMDAwMDA5NmZjMDU3Ozc2Oy91c2Vycy9odW1iZXJ0b3dvb2R5L2Rvd25sb2Fkcy9hXzEwMDc3NTY2MDc4NjIucGRmAMwAAAD+////AQAAAAAAAAAQAAAABBAAAFwAAAAAAAAABRAAALQAAAAAAAAAEBAAANwAAAAAAAAAQBAAAMwAAAAAAAAAAiAAAKgBAAAAAAAABSAAABgBAAAAAAAAECAAACgBAAAAAAAAESAAAFwBAAAAAAAAEiAAADwBAAAAAAAAEyAAAEwBAAAAAAAAICAAAIgBAAAAAAAAMCAAALQBAAAAAAAAAcAAAPwAAAAAAAAAEcAAABQAAAAAAAAAEsAAAAwBAAAAAAAAgPAAALwBAAAAAAAAAAgADQAaACMAUgAAAAAAAAIBAAAAAAAAAAUAAAAAAAAAAAAAAAAAAAQC},
	bdsk-url-1 = {https://doi.org/10.1023/A:1007756607862}}

@webpage{trello2023,
	date-added = {2023-10-12 12:33:52 -0600},
	date-modified = {2023-10-18 00:07:50 -0600},
	lastchecked = {17 de Octubre del 2023},
	month = {10},
	title = {Trello},
	url = {https://trello.com/},
	year = {2023},
	bdsk-url-1 = {https://trello.com/}}

@article{pagourtzi2003,
	author = {E. Pagourtzi and V. Assimakopoulos and T. Hatzichristos},
	journal = {J. Property Invest. Finance},
	number = {4},
	pages = {383-401},
	title = {Real estate appraisal: a review of valuation methods},
	volume = {21},
	year = {2003},
	bdsk-file-1 = {YnBsaXN0MDDSAQIDBFxyZWxhdGl2ZVBhdGhYYm9va21hcmtfEDYuLi8uLi8uLi8uLi8uLi9Eb3dubG9hZHMvMTAtMTEwOF8xNDYzNTc4MDMxMDQ4MzY1Ni5wZGZPEQPEYm9va8QDAAAAAAQQMAAAAAAAAAAAAAAAAAAAAAAAAAAAAAAAAAAAAAAAAAAAAAAAwAIAAAUAAAABAQAAVXNlcnMAAAANAAAAAQEAAGh1bWJlcnRvd29vZHkAAAAJAAAAAQEAAERvd25sb2FkcwAAAB0AAAABAQAAMTAtMTEwOF8xNDYzNTc4MDMxMDQ4MzY1Ni5wZGYAAAAQAAAAAQYAAAQAAAAUAAAALAAAAEAAAAAIAAAABAMAAG9YAAAAAAAACAAAAAQDAAA+mAMAAAAAAAgAAAAEAwAAcZgDAAAAAAAIAAAABAMAAOXKbwkAAAAAEAAAAAEGAACAAAAAkAAAAKAAAACwAAAACAAAAAAEAABBxW8QHtNUSxgAAAABAgAAAQAAAAAAAAAPAAAAAAAAAAAAAAAAAAAACAAAAAQDAAACAAAAAAAAAAQAAAADAwAA9QEAAAgAAAABCQAAZmlsZTovLy8MAAAAAQEAAE1hY2ludG9zaCBIRAgAAAAEAwAAAFChG3MAAAAIAAAAAAQAAEHF1gPBgAAAJAAAAAEBAAA5RjdDRDE0Qi1CMDkwLTQyNkUtQUE2MC05OEI3MTMyOTYwRkIYAAAAAQIAAIEAAAABAAAA7xMAAAEAAAAAAAAAAAAAAAEAAAABAQAALwAAAAAAAAABBQAA7gAAAAECAABjNjc1Nzc3MzI4NzA1ZmE1Y2VkOGRiOWRjZWVlYzdiODM1Yjg5ODgxNzJhOThmYjRlNzQyZGE4NDVjMTU2OTIxOzAwOzAwMDAwMDAwOzAwMDAwMDAwOzAwMDAwMDAwOzAwMDAwMDAwMDAwMDAwMjA7Y29tLmFwcGxlLmFwcC1zYW5kYm94LnJlYWQtd3JpdGU7MDE7MDEwMDAwMTA7MDAwMDAwMDAwOTZmY2FlNTs3NjsvdXNlcnMvaHVtYmVydG93b29keS9kb3dubG9hZHMvMTAtMTEwOF8xNDYzNTc4MDMxMDQ4MzY1Ni5wZGYAAADMAAAA/v///wEAAAAAAAAAEAAAAAQQAABoAAAAAAAAAAUQAADAAAAAAAAAABAQAADoAAAAAAAAAEAQAADYAAAAAAAAAAIgAAC0AQAAAAAAAAUgAAAkAQAAAAAAABAgAAA0AQAAAAAAABEgAABoAQAAAAAAABIgAABIAQAAAAAAABMgAABYAQAAAAAAACAgAACUAQAAAAAAADAgAADAAQAAAAAAAAHAAAAIAQAAAAAAABHAAAAUAAAAAAAAABLAAAAYAQAAAAAAAIDwAADIAQAAAAAAAAAIAA0AGgAjAFwAAAAAAAACAQAAAAAAAAAFAAAAAAAAAAAAAAAAAAAEJA==}}

@article{nedovic2000,
	author = {Z. Nedovi{\'c}-Budi{\'c} and A. K. Pinto and L. D. Budic},
	journal = {J. Urban Plan. Dev.},
	number = {2},
	pages = {51-73},
	title = {GIS database development and exchange: Interaction mechanisms and motivations},
	volume = {126},
	year = {2000}}

@article{worzala1995,
	author = {E. M. Worzala and M. J. Lenk and A. Silva},
	journal = {J. Real Estate Res.},
	number = {2},
	pages = {185-201},
	title = {An exploration of neural networks and its application to real estate valuation},
	volume = {10},
	year = {1995}}

@article{limsombunchai2004,
	author = {V. Limsombunchai},
	journal = {Int. J. Econ. Manag.},
	number = {1},
	pages = {9-30},
	title = {House Price Prediction: Hedonic Price Model vs. Artificial Neural Network},
	volume = {1},
	year = {2004}}

@article{choy2023,
	author = {L. H. T. Choy and W. K. O. Ho},
	doi = {10.3390/land12040740},
	journal = {Land},
	number = {4},
	pages = {740},
	title = {The Use of Machine Learning in Real Estate Research},
	volume = {12},
	year = {2023},
	bdsk-url-1 = {https://doi.org/10.3390/land12040740}}

@online{zillow2023,
	author = {Zillow},
	note = {Accessed: 24-Apr-2023},
	title = {How much is my home worth?},
	url = {https://www.zillow.com/how-much-is-my-home-worth/},
	year = {2023},
	bdsk-url-1 = {https://www.zillow.com/how-much-is-my-home-worth/}}

@online{housecanary2021,
	author = {HouseCanary},
	note = {Accessed: 24-Apr-2023},
	title = {Home},
	url = {https://www.housecanary.com/},
	year = {2021},
	bdsk-url-1 = {https://www.housecanary.com/}}

@online{inmuebles24,
	note = {Accessed: 24-Apr-2023},
	title = {Â¿Cu{\'a}nto Vale? INMUEBLES24},
	url = {https://www.inmuebles24.com/cuantovale/},
	bdsk-url-1 = {https://www.inmuebles24.com/cuantovale/}}

@book{schwaber2016,
	author = {K. Schwaber and J. Sutherland},
	pages = {3-16},
	publisher = {Scrum Guides},
	title = {La Gu{\'\i}a Definitiva de Scrum: Las Reglas del Juego},
	year = {2016}}

@article{salas2015modelo,
	abstract = {Valuaci{\'o}n es la acci{\'o}n o efecto de valuar, a su vez, significa valorar, entendido como el reconocimiento o apreciaci{\'o}n del valor de algo. Existen diferentes tipos de valuaci{\'o}n, entre otras, la inmobiliaria, que determina el valor de un inmueble mediante el an{\'a}lisis de los elementos tangibles e intangibles. Sin embargo, la determinaci{\'o}n de valor de un inmueble tradicionalmente se obtiene a partir del valor de cambio, donde la concepci{\'o}n transaccional-adquisitivo y psicol{\'o}gica-hedonista junto con la escasez se erigen como elementos determinantes. En tal sentido, la valuaci{\'o}n inmobiliaria se sustenta en la insuficiencia del bien y esta en elemento determinante en la oferta y la demanda.En M{\'e}xico la Sociedad Hipotecaria Federal y el INDAABIN norman los servicios de valuaci{\'o}n. La primera para bienes de propiedad privada, la segunda para bienes de la naci{\'o}n. Las reglas de ambas instancias se caracterizan por impulsar el proceso mediante la aplicaci{\'o}n de los enfoques de: mercado, f{\'\i}sico o residual. Adem{\'a}s, por el tipo de documentaci{\'o}n solicitada, la cual se orienta a la posesi{\'o}n legal del inmueble.Por consiguiente podemos establecer que el proceso de valuaci{\'o}n inmobiliaria en M{\'e}xico privilegia el enfoque comparativo de mercado, donde el valor de los inmuebles se determina de acuerdo a la relaci{\'o}n entre la demanda que existe de un bien en el mercado y la cantidad del mismo que es ofrecida. Por consiguiente, la valuaci{\'o}n inmobiliaria presenta una importante lejan{\'\i}a respecto a la conceptualizaci{\'o}n del t{\'e}rmino y debilidad anal{\'\i}tica respecto fen{\'o}menos multidisciplinares.
  },
	author = {Salas Tafoya, Jos{\'e} Manuel},
	date-modified = {2023-10-17 22:47:42 -0600},
	issn = {2007-7467},
	journal = {Revista Iberoamericana para la Investigaci{\'o}n y el Desarrollo Educativo: RIDE},
	number = {10},
	pages = {31--54},
	publisher = {Universidad de Guadalajara},
	title = {El Modelo de Valuaci{\'o}n Inmobiliaria en M{\'e}xico},
	url = {https://dialnet.unirioja.es/descarga/articulo/5343118.pdf},
	volume = {5},
	year = {2015},
	bdsk-file-1 = {YnBsaXN0MDDSAQIDBFxyZWxhdGl2ZVBhdGhYYm9va21hcmtfEFQuLi8uLi8uLi8uLi8uLi9Eb3dubG9hZHMvRGlhbG5ldC1FbE1vZGVsb0RlVmFsdWFjaW9uSW5tb2JpbGlhcmlhRW5NZXhpY28tNTM0MzExOC5wZGZPEQP8Ym9va/wDAAAAAAQQMAAAAAAAAAAAAAAAAAAAAAAAAAAAAAAAAAAAAAAAAAAAAAAA+AIAAAUAAAABAQAAVXNlcnMAAAANAAAAAQEAAGh1bWJlcnRvd29vZHkAAAAJAAAAAQEAAERvd25sb2FkcwAAADsAAAABAQAARGlhbG5ldC1FbE1vZGVsb0RlVmFsdWFjaW9uSW5tb2JpbGlhcmlhRW5NZXhpY28tNTM0MzExOC5wZGYAEAAAAAEGAAAEAAAAFAAAACwAAABAAAAACAAAAAQDAABvWAAAAAAAAAgAAAAEAwAAPpgDAAAAAAAIAAAABAMAAHGYAwAAAAAACAAAAAQDAAB6inIJAAAAABAAAAABBgAAnAAAAKwAAAC8AAAAzAAAAAgAAAAABAAAQcVvrlgbY60YAAAAAQIAAAEAAAAAAAAADwAAAAAAAAAAAAAAAAAAAAgAAAAEAwAAAgAAAAAAAAAEAAAAAwMAAPUBAAAIAAAAAQkAAGZpbGU6Ly8vDAAAAAEBAABNYWNpbnRvc2ggSEQIAAAABAMAAABQoRtzAAAACAAAAAAEAABBxdYDwYAAACQAAAABAQAAOUY3Q0QxNEItQjA5MC00MjZFLUFBNjAtOThCNzEzMjk2MEZCGAAAAAECAACBAAAAAQAAAO8TAAABAAAAAAAAAAAAAAABAAAAAQEAAC8AAAAAAAAAAQUAAAwBAAABAgAANGY5YzgzNGViMDE5ZWJhNDZhZWFiYzE0NDAwMjQ0MDAzZTMzMDEyZWYyYmQzMDY4MGQ3MjM3ZDU4MzlkZTg4ZDswMDswMDAwMDAwMDswMDAwMDAwMDswMDAwMDAwMDswMDAwMDAwMDAwMDAwMDIwO2NvbS5hcHBsZS5hcHAtc2FuZGJveC5yZWFkLXdyaXRlOzAxOzAxMDAwMDEwOzAwMDAwMDAwMDk3MjhhN2E7NzY7L3VzZXJzL2h1bWJlcnRvd29vZHkvZG93bmxvYWRzL2RpYWxuZXQtZWxtb2RlbG9kZXZhbHVhY2lvbmlubW9iaWxpYXJpYWVubWV4aWNvLTUzNDMxMTgucGRmAMwAAAD+////AQAAAAAAAAAQAAAABBAAAIQAAAAAAAAABRAAANwAAAAAAAAAEBAAAAQBAAAAAAAAQBAAAPQAAAAAAAAAAiAAANABAAAAAAAABSAAAEABAAAAAAAAECAAAFABAAAAAAAAESAAAIQBAAAAAAAAEiAAAGQBAAAAAAAAEyAAAHQBAAAAAAAAICAAALABAAAAAAAAMCAAANwBAAAAAAAAAcAAACQBAAAAAAAAEcAAABQAAAAAAAAAEsAAADQBAAAAAAAAgPAAAOQBAAAAAAAAAAgADQAaACMAegAAAAAAAAIBAAAAAAAAAAUAAAAAAAAAAAAAAAAAAAR6},
	bdsk-url-1 = {https://dialnet.unirioja.es/descarga/articulo/5343118.pdf}}

@techreport{nmx-c-459-scfi-onncce-2007,
	abstract = {
    Esta Norma Mexicana establece los requisitos generales que deben cumplirse a fin de proporcionar la confianza de que el servicio de valuaci{\'o}n sea otorgado con la competencia t{\'e}cnica, imparcialidad, confidencialidad y esmero que el cliente merece.
  },
	address = {M{\'e}xico, D.F.},
	author = {Organismo Nacional de Normalizaci{\'o}n y Certificaci{\'o}n de la Construcci{\'o}n y Edificaci{\'o}n, S.C. (ONNCCE)},
	institution = {Secretar{\'\i}a de Econom{\'\i}a, Direcci{\'o}n General de Normas},
	note = {Publicada el 27 de agosto de 2007. Entrada en vigor 60 d{\'\i}as naturales despu{\'e}s de su publicaci{\'o}n. No equivalente a ninguna norma internacional.},
	title = {NMX-C-459-SCFI-ONNCCE-2007 Servicios de Valuaci{\'o}n},
	url = {https://www.dof.gob.mx/normasOficiales/2663/seeco/seeco.htm},
	year = {2007},
	bdsk-url-1 = {https://www.dof.gob.mx/normasOficiales/2663/seeco/seeco.htm}}

@article{salas2014valuacion,
	author = {Salas Tafoya, J. M.},
	journal = {Paakat: Revista de Tecnolog{\'\i}a y Sociedad},
	month = {Marzo--Agosto},
	number = {6},
	title = {La valuaci{\'o}n inmobiliaria tradicional: un modelo para repensar},
	url = {https://www.udgvirtual.udg.mx/paakat//index.php/paakat/article/view/220/324#b8},
	volume = {4},
	year = {2014},
	bdsk-url-1 = {https://www.udgvirtual.udg.mx/paakat//index.php/paakat/article/view/220/324#b8}}

@url{cdmx2014inmueble,
	author = {Consejer{\'\i}a Jur{\'\i}dica y de Servicios Legales del DF},
	date-modified = {2023-10-17 19:58:59 -0600},
	note = {El inmueble es aquella cosa que no puede trasladarse de un lugar a otro, por ejemplo, un terreno o edificio.},
	title = {Definici{\'o}n de Inmueble},
	url = {https://data.consejeria.cdmx.gob.mx/index.php/component/glossary/Glosario-ConsejerÃ­a-1/I/INMUEBLE-85},
	year = {2014},
	bdsk-url-1 = {https://data.consejeria.cdmx.gob.mx/index.php/component/glossary/Glosario-Consejer%C3%ADa-1/I/INMUEBLE-85}}

@url{cnbv2023,
	author = {Comisi{\'o}n Nacional Bancaria y de Valores (CNBV)},
	title = {Anexo 42 CUB},
	url = {https://www.cnbv.gob.mx/Anexos/Anexo%2042%20CUB.pdf},
	year = {2023},
	bdsk-url-1 = {https://www.cnbv.gob.mx/Anexos/Anexo%2042%20CUB.pdf}}

@url{inmuebles24certificacion,
	author = {Inmuebles24},
	title = {Certificaci{\'o}n de Agente Inmobiliario en M{\'e}xico},
	url = {https://www.inmuebles24.com/noticias/sabias-que/certificacion-agente-inmobiliario-mexico/},
	year = {2023},
	bdsk-url-1 = {https://www.inmuebles24.com/noticias/sabias-que/certificacion-agente-inmobiliario-mexico/}}

@misc{mexhome2021,
	author = {Mexhome},
	title = {Valuaci{\'o}n de Propiedades en M{\'e}xico: Una gu{\'\i}a completa},
	url = {https://www.mexhome.com/valuacion-de-propiedades-en-mexico/},
	year = {2021},
	bdsk-url-1 = {https://www.mexhome.com/valuacion-de-propiedades-en-mexico/}}

@misc{eguino2020catastro,
	author = {Eguino, Hu{\'a}scar and Erba, Diego and Da Silva, Everton and Piumetto, Mario and Iturre, Teresa and Rodr{\'\i}guez, Alejandro and De Oliveira, Augusto},
	month = {Jun},
	note = {Editor: Eguino, Hu{\'a}scar; Erba, Diego},
	title = {Catastro, valoraci{\'o}n inmobiliaria y tributaci{\'o}n municipal: Experiencias para mejorar su articulaci{\'o}n y efectividad},
	url = {http://dx.doi.org/10.18235/0002437},
	year = {2020},
	bdsk-file-1 = {YnBsaXN0MDDSAQIDBFxyZWxhdGl2ZVBhdGhYYm9va21hcmtfEI0uLi8uLi8uLi8uLi8uLi9Eb3dubG9hZHMvQ2F0YXN0cm8tdmFsb3JhY2lvbi1pbm1vYmlsaWFyaWEteS10cmlidXRhY2lvbi1tdW5pY2lwYWwtRXhwZXJpZW5jaWFzLXBhcmEtbWVqb3Jhci1zdS1hcnRpY3VsYWNpb24teS1lZmVjdGl2aWRhZC5wZGZPEQRwYm9va3AEAAAAAAQQMAAAAAAAAAAAAAAAAAAAAAAAAAAAAAAAAAAAAAAAAAAAAAAAbAMAAAUAAAABAQAAVXNlcnMAAAANAAAAAQEAAGh1bWJlcnRvd29vZHkAAAAJAAAAAQEAAERvd25sb2FkcwAAAHQAAAABAQAAQ2F0YXN0cm8tdmFsb3JhY2lvbi1pbm1vYmlsaWFyaWEteS10cmlidXRhY2lvbi1tdW5pY2lwYWwtRXhwZXJpZW5jaWFzLXBhcmEtbWVqb3Jhci1zdS1hcnRpY3VsYWNpb24teS1lZmVjdGl2aWRhZC5wZGYQAAAAAQYAAAQAAAAUAAAALAAAAEAAAAAIAAAABAMAAG9YAAAAAAAACAAAAAQDAAA+mAMAAAAAAAgAAAAEAwAAcZgDAAAAAAAIAAAABAMAADHrcgkAAAAAEAAAAAEGAADUAAAA5AAAAPQAAAAEAQAACAAAAAAEAABBxW+/vDN57xgAAAABAgAAAQAAAAAAAAAPAAAAAAAAAAAAAAAAAAAACAAAAAQDAAACAAAAAAAAAAQAAAADAwAA9QEAAAgAAAABCQAAZmlsZTovLy8MAAAAAQEAAE1hY2ludG9zaCBIRAgAAAAEAwAAAFChG3MAAAAIAAAAAAQAAEHF1gPBgAAAJAAAAAEBAAA5RjdDRDE0Qi1CMDkwLTQyNkUtQUE2MC05OEI3MTMyOTYwRkIYAAAAAQIAAIEAAAABAAAA7xMAAAEAAAAAAAAAAAAAAAEAAAABAQAALwAAAAAAAAABBQAARQEAAAECAAA4ZTMxYjk0ZDE3ZWNmMDk0OWVjNzBlYjVjOGYwNjMyNmY2NzE2MjVjMmRhMDM3NWUzMTVjYmM5ZTcwYzQ3ZDkwOzAwOzAwMDAwMDAwOzAwMDAwMDAwOzAwMDAwMDAwOzAwMDAwMDAwMDAwMDAwMjA7Y29tLmFwcGxlLmFwcC1zYW5kYm94LnJlYWQtd3JpdGU7MDE7MDEwMDAwMTA7MDAwMDAwMDAwOTcyZWIzMTs3NjsvdXNlcnMvaHVtYmVydG93b29keS9kb3dubG9hZHMvY2F0YXN0cm8tdmFsb3JhY2lvbi1pbm1vYmlsaWFyaWEteS10cmlidXRhY2lvbi1tdW5pY2lwYWwtZXhwZXJpZW5jaWFzLXBhcmEtbWVqb3Jhci1zdS1hcnRpY3VsYWNpb24teS1lZmVjdGl2aWRhZC5wZGYAAAAAzAAAAP7///8BAAAAAAAAABAAAAAEEAAAvAAAAAAAAAAFEAAAFAEAAAAAAAAQEAAAPAEAAAAAAABAEAAALAEAAAAAAAACIAAACAIAAAAAAAAFIAAAeAEAAAAAAAAQIAAAiAEAAAAAAAARIAAAvAEAAAAAAAASIAAAnAEAAAAAAAATIAAArAEAAAAAAAAgIAAA6AEAAAAAAAAwIAAAFAIAAAAAAAABwAAAXAEAAAAAAAARwAAAFAAAAAAAAAASwAAAbAEAAAAAAACA8AAAHAIAAAAAAAAACAANABoAIwCzAAAAAAAAAgEAAAAAAAAABQAAAAAAAAAAAAAAAAAABSc=},
	bdsk-url-1 = {http://dx.doi.org/10.18235/0002437}}

@article{grossi2007introduction,
	author = {Grossi, Enzo and Buscema, Massimo},
	doi = {10.1097/MEG.0b013e3282f198a0},
	journal = {European Journal of Gastroenterology \& Hepatology},
	month = {Dec},
	number = {12},
	pages = {1046--1054},
	title = {Introduction to artificial neural networks},
	volume = {19},
	year = {2007},
	bdsk-url-1 = {https://doi.org/10.1097/MEG.0b013e3282f198a0}}

@webpage{ibm2023redneuronal,
	author = {IBM},
	date-modified = {2023-10-17 23:59:00 -0600},
	lastchecked = {17 de Octubre del 2023},
	title = {Neural Networks},
	url = {https://www.ibm.com/topics/neural-networks},
	year = {2023},
	bdsk-url-1 = {https://www.ibm.com/topics/neural-networks}}

@article{sirisuriya2015comparative,
	author = {Sirisuriya, De S and others},
	title = {A comparative study on web scraping},
	year = {2015}}

@misc{dof2010lfpdppp,
	author = {{Congreso de la Uni{\'o}n}},
	howpublished = {Diario Oficial de la Federaci{\'o}n},
	title = {Ley Federal de Protecci{\'o}n de Datos Personales en Posesi{\'o}n de los Particulares},
	url = {https://www.diputados.gob.mx/LeyesBiblio/pdf/LFPDPPP.pdf},
	year = 2010,
	bdsk-url-1 = {https://www.diputados.gob.mx/LeyesBiblio/pdf/LFPDPPP.pdf}}
